
@book{VBMethodsInSignal,
	ISBN = {978-3-540-28819-0},
	author = {Smidl Vaclav and Quinn Anthony},
	doi = {10.1007/3-540-28820-1},
	pages = {227},
	publisher = {Springer-Verlag, Berlin Heidelberg, Germany},
	title = {{The Variational Bayes Method in Signal Processing}},
	year = {2006},
}


@article{fastStructure,
	author = {Anil Raj and Matthew Stephens and Jonathan K. Pritchard},
	doi = {10.1534/genetics.114.164350},
	journal = {Genetics},
	pages = {573-589},
	title = {{fastStructure: Variational Inference of Population Structure in Large SNP Data Sets}},
	volume = {114},
	year = {2014},
}

